%% LaTeX2e file `prezentace.bib'
%% generated by the `filecontents' environment
%% from source `prezentace' on 2021/04/27.
%%

@TECHREPORT{RePEc:cwl:cwldpp:159,
    title = {Commercial Banks as Creators of 'Money'},
    author = {Tobin, James},
    year = {1963},
    institution = {Cowles Foundation for Research in Economics, Yale University},
    type = {Cowles Foundation Discussion Papers},
    number = {159},
    url = {http://EconPapers.repec.org/RePEc:cwl:cwldpp:159}
}

@TECHREPORT{RePEc:cwl:cwldpp:160,
    title = {Commercial Banks as Creators of 'Money'},
    author = {Tobin, James},
    year = {1963},
    institution = {Cowles Foundation for Research in Economics, Yale University},
    type = {Cowles Foundation Discussion Papers},
    number = {159},
    url = {http://EconPapers.repec.org/RePEc:cwl:cwldpp:159}
}
