
@misc{noauthor_3002008_nodate,
	title = {300/2008 {Sb}. {Zákon} o elektronických úkonech a autorizované konverzi dokumentů},
	url = {https://www.zakonyprolidi.cz/cs/2008-300},
	abstract = {Zákon č. 300/2008 Sb. - Zákon o elektronických úkonech a autorizované konverzi dokumentů},
	language = {cs},
	urldate = {2021-04-27},
	journal = {Zákony pro lidi}
}

@misc{noauthor_122020_nodate,
	title = {12/2020 {Sb}.},
	url = {https://www.psp.cz/sqw/sbirka.sqw?cz=12&r=2020},
	urldate = {2021-04-27}
}

@misc{noauthor_1902009_nodate,
	title = {190/2009 {Sb}.},
	url = {https://www.psp.cz/sqw/sbirka.sqw?cz=190&r=2009},
	urldate = {2021-04-27}
}
