
@misc{noauthor_proxy_nodate,
	title = {{PROXY}, a.s. - {Detail} - {Merk}.cz},
	url = {https://www.merk.cz/search/detail/cz-15270301/},
	urldate = {2021-12-27},
	file = {PROXY, a.s. - Detail - Merk.cz:/Users/dominikbalint/Zotero/storage/YBUVWJHA/cz-15270301.html:text/html},
}

@misc{noauthor_hlb_nodate,
	title = {{HLB} {PROXY} - {Tax} and audit services},
	url = {https://www.proxy.cz/},
	urldate = {2021-12-27},
	file = {HLB PROXY - Tax and audit services:/Users/dominikbalint/Zotero/storage/I9A9UMW6/www.proxy.cz.html:text/html},
}
