
@misc{infoaioncz_3002008_nodate,
	title = {300/2008 {Sb}. {Zákon} o elektronických úkonech a autorizované konverzi dokumentů},
	url = {https://www.zakonyprolidi.cz/cs/2008-300},
	abstract = {Zákon č. 300/2008 Sb. - Zákon o elektronických úkonech a autorizované konverzi dokumentů},
	language = {cs},
	urldate = {2021-04-27},
	journal = {Zákony pro lidi},
	author = {info@aion.cz, AION CS-}
}
