
@online{proxy_merk,
	title = {{PROXY}, a.s. - Detail - Merk.cz},
	url = {https://www.merk.cz/search/detail/cz-15270301},
	urldate = {2021-12-27},
	file = {PROXY, a.s. - Detail - Merk.cz:/Users/dominikbalint/Zotero/storage/YBUVWJHA/cz-15270301.html:text/html}
}

@online{proxy_website,
	title = {{HLB} {PROXY} - Tax and audit services},
	url = {https://www.proxy.cz/},
	urldate = {2021-12-27},
	file = {HLB PROXY - Tax and audit services:/Users/dominikbalint/Zotero/storage/I9A9UMW6/www.proxy.cz.html:text/html}
}

@online{proxy_o_firme,
	title = {O firmě {\textbar} {HLB} {PROXY} - Tax and audit services},
	url = {https://www.proxy.cz/o-firme},
	urldate = {2021-12-29},
	file = {O firmě | HLB PROXY - Tax and audit services:/Users/dominikbalint/Zotero/storage/WW4WF4H9/o-firme.html:text/html}
}

@online{proxy_justice,
	title = {Veřejný rejstřík a Sbírka listin - Ministerstvo spravedlnosti České republiky},
	url = {https://or.justice.cz/ias/ui/vypis-sl-firma?subjektId=423682},
	urldate = {2022-01-03},
	file = {Veřejný rejstřík a Sbírka listin - Ministerstvo spravedlnosti České republiky:/Users/dominikbalint/Zotero/storage/I8AWTJ3F/vypis-sl-firma.html:text/html}
}

@report{anon_sustainable_2013,
	title = {Sustainable procurement of office supplies},
	url = {https://ec.europa.eu/environment/gpp/pdf/news_alert/Issue36_Case_Study76_Ghent.pdf},
	institution = {Evropská komise},
	author = {{Anon}},
	date = {2013-11},
	file = {Issue36_Case_Study76_Ghent.pdf:/Users/dominikbalint/Zotero/storage/94BTXIW9/Issue36_Case_Study76_Ghent.pdf:application/pdf}
}

@report{anon_using_2011,
	title = {Using {LCA} and {CO}2 performance to assess bidders},
	url = {https://ec.europa.eu/environment/gpp/pdf/news_alert/Issue36_Case_Study78_Rijkswaterstaat.pdf},
	institution = {Evropská komise},
	author = {{Anon}},
	date = {2011-11},
	file = {Issue36_Case_Study78_Rijkswaterstaat.pdf:/Users/dominikbalint/Zotero/storage/D2DSG2RH/Issue36_Case_Study78_Rijkswaterstaat.pdf:application/pdf}
}

@online{damodoran_aswath_eva_2020,
	title = {{EVA} and Equity {EVA} podle odvětví, data platná k lednu 2020},
	url = {http://pages.stern.nyu.edu/~adamodar/New_Home_Page/datacurrent.html},
	author = {{Damodoran Aswath}},
	urldate = {2022-01-06},
	date = {2020},
	file = {Useful Data Sets:/Users/dominikbalint/Zotero/storage/63U73ZWZ/datacurrent.html:text/html}
}

@online{noauthor_obyvatelstvo_nodate,
	title = {Obyvatelstvo - roční časové řady},
	url = {https://www.czso.cz/csu/czso/obyvatelstvo_hu},
	titleaddon = {Obyvatelstvo - roční časové řady},
	urldate = {2022-01-06},
	file = {Snapshot:/Users/dominikbalint/Zotero/storage/GQ8GGRME/obyvatelstvo_hu.html:text/html}
}

@online{noauthor_statisticke_nodate,
	title = {Statistické údaje o podnikatelích {\textbar} {MPO}},
	url = {https://www.mpo.cz/cz/podnikani/zivnostenske-podnikani/statisticke-udaje-o-podnikatelich/},
	urldate = {2022-01-06},
	file = {Statistické údaje o podnikatelích | MPO:/Users/dominikbalint/Zotero/storage/TRDD4GM2/statisticke-udaje-o-podnikatelich.html:text/html}
}

@online{noauthor_rocni_nodate,
	title = {Roční přehled podnikatelů a živností {\textbar} {MPO}},
	url = {https://www.mpo.cz/cz/podnikani/zivnostenske-podnikani/statisticke-udaje-o-podnikatelich/rocni-prehled-podnikatelu-a-zivnosti--222295/},
	urldate = {2022-01-06},
	file = {Roční přehled podnikatelů a živností | MPO:/Users/dominikbalint/Zotero/storage/JNGVPR3W/rocni-prehled-podnikatelu-a-zivnosti--222295.html:text/html}
}

@online{noauthor_co2_2019,
	title = {{CO}2 emissions from cars: facts and figures (infographics) {\textbar} News {\textbar} European Parliament},
	url = {https://www.europarl.europa.eu/news/en/headlines/society/20190313STO31218/co2-emissions-from-cars-facts-and-figures-infographics},
	shorttitle = {{CO}2 emissions from cars},
	abstract = {Ever wondered how much {CO}2 is emitted by cars or whether electric vehicles really are a cleaner alternative? Check out our infographics to find out.},
	urldate = {2022-01-06},
	date = {2019-03-22},
	langid = {english},
	file = {Snapshot:/Users/dominikbalint/Zotero/storage/4CZQ3GUX/co2-emissions-from-cars-facts-and-figures-infographics.html:text/html}
}

@article{jayasena_environmental_2019,
	title = {Environmental sustainability of facilities management: Analytical hierarchy process ({AHP}) based model for evaluation},
	volume = {ahead-of-print},
	shorttitle = {Environmental sustainability of facilities management},
	abstract = {Purpose
Rapid changes in the environment escalate the requirement of environmental sustainability assessment within built environment. The purpose of this paper is to model the environmental sustainability of facilities management ({FM}) functions in apparel industry in Sri Lanka.

Design/methodology/approach
A comprehensive literature review was carried out in order to identify the importance of sustainability assessment for {FM}, sustainable {FM} functions and their environmental sustainability indicators. Subsequently, a questionnaire survey was carried out to determine a relative weight of the sustainable {FM} functions and environmental sustainability indicators through the analytical hierarchy process analysis.

Findings
Energy management was identified as the most significant {FM} function in terms of environmental sustainability in apparel industry with a relative performance of 49.12 per cent. Subsequently, the functions of water management (29.39 per cent), maintenance management (11.98 per cent) and waste management (9.64 per cent) obtained the second, third and fourth ranks while asset management (7.85 per cent) was the function which had the least performance score. Relative weights for the environmental sustainability indicators were also determined.

Research limitations/implications
In respect of the apparel industry, the developed model can be utilised for assessing the environmental sustainability of {FM} in broader term.

Originality/value
No proper mechanism was found to assess the sustainability of {FM} in apparel sector since very fewer research studies were focussed on achieving environmental sustainability in different industries. Hence, the assessment of environmental sustainability of {FM} in apparel industry is an emerging necessity in the present day, which was addressed in this research.},
	journaltitle = {Built Environment Project and Asset Management},
	shortjournal = {Built Environment Project and Asset Management},
	author = {Jayasena, Nimesha and Mallawarachchi, Harshini and Silva, Lalith},
	date = {2019-10-05},
	file = {Full Text PDF:/Users/dominikbalint/Zotero/storage/ALVRDNB2/Jayasena et al. - 2019 - Environmental sustainability of facilities managem.pdf:application/pdf}
}

@online{noauthor_supply_nodate,
	title = {Supply Chain Management In The Service Industry},
	url = {https://griffinandco.marketing/blog/2018/8/16/supply-chain-management-in-the-service-industry},
	abstract = {For  supply chains, many people only picture tractor-trailers, large container ships, forklifts, and huge warehouses – but what about the service industry? What many do not realize is that a “supply chain” is not only for tangible products, but also for services offered.},
	titleaddon = {Griffin \& Co. Strategic Marketing Methods},
	urldate = {2022-01-07},
	langid = {american},
	file = {Snapshot:/Users/dominikbalint/Zotero/storage/7RQSLUG5/supply-chain-management-in-the-service-industry.html:text/html}
}

@online{noauthor_hruby_nodate,
	title = {Hrubý domácí produkt - Časové řady ukazatelů čtvrtletních účtů},
	url = {https://www.czso.cz/csu/czso/hdp_cr},
	titleaddon = {Hrubý domácí produkt - Časové řady ukazatelů čtvrtletních účtů},
	urldate = {2022-01-07},
	file = {Snapshot:/Users/dominikbalint/Zotero/storage/KX2TMMYY/hdp_cr.html:text/html}
}